<record><leader>00000cas a2200000 a 4500</leader><controlfield tag="001">9940890</controlfield><controlfield tag="008">830923d18311858mauwr ne      0    0eng c</controlfield><datafield ind1=" " ind2=" " tag="010"><subfield code="a">sn 83021207 </subfield></datafield><datafield ind1=" " ind2=" " tag="040"><subfield code="a">NPX</subfield><subfield code="b">eng</subfield><subfield code="c">NPX</subfield><subfield code="d">NPY</subfield><subfield code="d">NPU</subfield><subfield code="d">DLC</subfield><subfield code="d">YOX</subfield><subfield code="d">CNW</subfield><subfield code="d">OCL</subfield><subfield code="d">DLC</subfield><subfield code="d">OCLCG</subfield><subfield code="d">KRTAS</subfield><subfield code="d">DLC</subfield><subfield code="d">OCLCQ</subfield><subfield code="d">OCLCF</subfield><subfield code="d">COO</subfield></datafield><datafield ind1="1" ind2=" " tag="029"><subfield code="a">AU@</subfield><subfield code="b">000020123720</subfield></datafield><datafield ind1=" " ind2=" " tag="042"><subfield code="a">pcc</subfield></datafield><datafield ind1=" " ind2=" " tag="043"><subfield code="a">n-us-ma</subfield></datafield><datafield ind1="0" ind2="0" tag="050"><subfield code="a">Newspaper</subfield></datafield><datafield ind1="0" ind2=" " tag="130"><subfield code="a">Massachusetts spy (Worcester, Mass. : 1831)</subfield></datafield><datafield ind1="1" ind2="4" tag="245"><subfield code="a">The Massachusetts spy.</subfield></datafield><datafield ind1=" " ind2=" " tag="260"><subfield code="a">Worcester [Mass.] :</subfield><subfield code="b">S.H. Colton &amp; Co.,</subfield><subfield code="c">1831-1858.</subfield></datafield><datafield ind1=" " ind2=" " tag="300"><subfield code="a">28 v. ;</subfield><subfield code="c">56-66 cm.</subfield></datafield><datafield ind1=" " ind2=" " tag="310"><subfield code="a">Weekly</subfield></datafield><datafield ind1="0" ind2=" " tag="362"><subfield code="a">Vol. 60, no. 41 (Oct. 12, 1831)-v. 87, no. 47 (Dec. 8, 1858) = Whole no. 3054-whole no. 4523.</subfield></datafield><datafield ind1=" " ind2=" " tag="500"><subfield code="a">Publishers: John Milton Earle, Nov. 25, 1835-Nov. 6, 1850; John Milton Earle &amp; Thos. Drew, Nov. 13, 1850-Aug. 4, 1858.</subfield></datafield><datafield ind1=" " ind2=" " tag="500"><subfield code="a">Editors: John Milton Earle, Oct. 12, 1831-Nov. 6, 1850; John Milton Earle and Thomas Drew, Nov. 13, 1850-Aug. 4, 1858; John Milton Earle, Aug. 11, 1850-Dec. 8, 1850.</subfield></datafield><datafield ind1=" " ind2=" " tag="525"><subfield code="a">Supplements accompany some issues.</subfield></datafield><datafield ind1=" " ind2=" " tag="530"><subfield code="a">Also issued on microfilm from the Library of Congress, Photoduplication Service.</subfield></datafield><datafield ind1=" " ind2=" " tag="555"><subfield code="a">Index: Rice, F.P. Worcester newspaper index, 1783-1848.</subfield></datafield><datafield ind1=" " ind2=" " tag="580"><subfield code="a">Daily edition: Daily spy, 1845-1850; Worcester daily spy, 1850-</subfield></datafield><datafield ind1=" " ind2="0" tag="651"><subfield code="a">Worcester (Mass.)</subfield><subfield code="v">Newspapers.</subfield></datafield><datafield ind1=" " ind2="0" tag="651"><subfield code="a">Worcester County (Mass.)</subfield><subfield code="v">Newspapers.</subfield></datafield><datafield ind1=" " ind2="7" tag="651"><subfield code="a">Massachusetts</subfield><subfield code="z">Worcester.</subfield><subfield code="2">fast</subfield><subfield code="0">(OCoLC)fst01207904</subfield></datafield><datafield ind1=" " ind2="7" tag="651"><subfield code="a">Massachusetts</subfield><subfield code="z">Worcester County.</subfield><subfield code="2">fast</subfield><subfield code="0">(OCoLC)fst01218226</subfield></datafield><datafield ind1=" " ind2="7" tag="655"><subfield code="a">Newspapers.</subfield><subfield code="2">fast</subfield><subfield code="0">(OCoLC)fst01423814</subfield></datafield><datafield ind1="1" ind2=" " tag="700"><subfield code="a">Earle, John Milton,</subfield><subfield code="d">1794-1874.</subfield></datafield><datafield ind1="1" ind2=" " tag="700"><subfield code="a">Drew, Thomas.</subfield></datafield><datafield ind1=" " ind2=" " tag="752"><subfield code="a">United States</subfield><subfield code="b">Massachusetts</subfield><subfield code="c">Worcester</subfield><subfield code="d">Worcester.</subfield></datafield><datafield ind1="1" ind2=" " tag="775"><subfield code="t">Daily spy</subfield><subfield code="w">(DLC)sn 83021203</subfield><subfield code="w">(OCoLC)9952989</subfield></datafield><datafield ind1="1" ind2=" " tag="775"><subfield code="t">Worcester daily spy</subfield><subfield code="w">(DLC)sn 83021205</subfield><subfield code="w">(OCoLC)9954250</subfield></datafield><datafield ind1="0" ind2="0" tag="780"><subfield code="t">Massachusetts spy, and Worcester County advertiser</subfield><subfield code="w">(DLC)sn 83021206</subfield><subfield code="w">(OCoLC)9931681</subfield></datafield><datafield ind1="0" ind2="0" tag="785"><subfield code="t">Massachusetts weekly spy</subfield><subfield code="w">(DLC)sn 83021295</subfield><subfield code="w">(OCoLC)10064156</subfield></datafield><datafield ind1=" " ind2=" " tag="938"><subfield code="a">Kirtas Technologies, Inc.</subfield><subfield code="b">KRTS</subfield><subfield code="n">737472</subfield></datafield></record>